"REF_DATE","GEO","DGUID","Vehicle type","Origin of manufacture","Sales","Seasonal adjustment","UOM","UOM_ID","SCALAR_FACTOR","SCALAR_ID","VECTOR","COORDINATE","VALUE","STATUS","SYMBOL","TERMINATED","DECIMALS"
"2010-01","Canada","2016A000011124","Total, new motor vehicles","Total, country of manufacture","Units","Unadjusted","Units","300","units","0","v42169911","1.1.1.1.1","83512","","","","0"
"2010-02","Canada","2016A000011124","Total, new motor vehicles","Total, country of manufacture","Units","Unadjusted","Units","300","units","0","v42169911","1.1.1.1.1","101788","","","","0"
"2010-03","Canada","2016A000011124","Total, new motor vehicles","Total, country of manufacture","Units","Unadjusted","Units","300","units","0","v42169911","1.1.1.1.1","148052","","","","0"
"2010-04","Canada","2016A000011124","Total, new motor vehicles","Total, country of manufacture","Units","Unadjusted","Units","300","units","0","v42169911","1.1.1.1.1","152187","","","","0"
"2010-05","Canada","2016A000011124","Total, new motor vehicles","Total, country of manufacture","Units","Unadjusted","Units","300","units","0","v42169911","1.1.1.1.1","157082","","","","0"
"2010-06","Canada","2016A000011124","Total, new motor vehicles","Total, country of manufacture","Units","Unadjusted","Units","300","units","0","v42169911","1.1.1.1.1","156891","","","","0"
"2010-07","Canada","2016A000011124","Total, new motor vehicles","Total, country of manufacture","Units","Unadjusted","Units","300","units","0","v42169911","1.1.1.1.1","150800","","","","0"
"2010-08","Canada","2016A000011124","Total, new motor vehicles","Total, country of manufacture","Units","Unadjusted","Units","300","units","0","v42169911","1.1.1.1.1","138210","","","","0"
"2010-09","Canada","2016A000011124","Total, new motor vehicles","Total, country of manufacture","Units","Unadjusted","Units","300","units","0","v42169911","1.1.1.1.1","137349","","","","0"
"2010-10","Canada","2016A000011124","Total, new motor vehicles","Total, country of manufacture","Units","Unadjusted","Units","300","units","0","v42169911","1.1.1.1.1","125731","","","","0"
"2010-11","Canada","2016A000011124","Total, new motor vehicles","Total, country of manufacture","Units","Unadjusted","Units","300","units","0","v42169911","1.1.1.1.1","118521","","","","0"
"2010-12","Canada","2016A000011124","Total, new motor vehicles","Total, country of manufacture","Units","Unadjusted","Units","300","units","0","v42169911","1.1.1.1.1","114376","","","","0"
"2011-01","Canada","2016A000011124","Total, new motor vehicles","Total, country of manufacture","Units","Unadjusted","Units","300","units","0","v42169911","1.1.1.1.1","86320","","","","0"
"2011-02","Canada","2016A000011124","Total, new motor vehicles","Total, country of manufacture","Units","Unadjusted","Units","300","units","0","v42169911","1.1.1.1.1","98147","","","","0"
"2011-03","Canada","2016A000011124","Total, new motor vehicles","Total, country of manufacture","Units","Unadjusted","Units","300","units","0","v42169911","1.1.1.1.1","156452","","","","0"
"2011-04","Canada","2016A000011124","Total, new motor vehicles","Total, country of manufacture","Units","Unadjusted","Units","300","units","0","v42169911","1.1.1.1.1","162613","","","","0"
"2011-05","Canada","2016A000011124","Total, new motor vehicles","Total, country of manufacture","Units","Unadjusted","Units","300","units","0","v42169911","1.1.1.1.1","152064","","","","0"
"2011-06","Canada","2016A000011124","Total, new motor vehicles","Total, country of manufacture","Units","Unadjusted","Units","300","units","0","v42169911","1.1.1.1.1","168119","","","","0"
"2011-07","Canada","2016A000011124","Total, new motor vehicles","Total, country of manufacture","Units","Unadjusted","Units","300","units","0","v42169911","1.1.1.1.1","144171","","","","0"
"2011-08","Canada","2016A000011124","Total, new motor vehicles","Total, country of manufacture","Units","Unadjusted","Units","300","units","0","v42169911","1.1.1.1.1","143653","","","","0"
"2011-09","Canada","2016A000011124","Total, new motor vehicles","Total, country of manufacture","Units","Unadjusted","Units","300","units","0","v42169911","1.1.1.1.1","137660","","","","0"
"2011-10","Canada","2016A000011124","Total, new motor vehicles","Total, country of manufacture","Units","Unadjusted","Units","300","units","0","v42169911","1.1.1.1.1","129049","","","","0"
"2011-11","Canada","2016A000011124","Total, new motor vehicles","Total, country of manufacture","Units","Unadjusted","Units","300","units","0","v42169911","1.1.1.1.1","124466","","","","0"
"2011-12","Canada","2016A000011124","Total, new motor vehicles","Total, country of manufacture","Units","Unadjusted","Units","300","units","0","v42169911","1.1.1.1.1","117863","","","","0"
"2012-01","Canada","2016A000011124","Total, new motor vehicles","Total, country of manufacture","Units","Unadjusted","Units","300","units","0","v42169911","1.1.1.1.1","100448","","","","0"
"2012-02","Canada","2016A000011124","Total, new motor vehicles","Total, country of manufacture","Units","Unadjusted","Units","300","units","0","v42169911","1.1.1.1.1","109817","","","","0"
"2012-03","Canada","2016A000011124","Total, new motor vehicles","Total, country of manufacture","Units","Unadjusted","Units","300","units","0","v42169911","1.1.1.1.1","161688","","","","0"
"2012-04","Canada","2016A000011124","Total, new motor vehicles","Total, country of manufacture","Units","Unadjusted","Units","300","units","0","v42169911","1.1.1.1.1","161372","","","","0"
"2012-05","Canada","2016A000011124","Total, new motor vehicles","Total, country of manufacture","Units","Unadjusted","Units","300","units","0","v42169911","1.1.1.1.1","180368","","","","0"
"2012-06","Canada","2016A000011124","Total, new motor vehicles","Total, country of manufacture","Units","Unadjusted","Units","300","units","0","v42169911","1.1.1.1.1","173190","","","","0"
"2012-07","Canada","2016A000011124","Total, new motor vehicles","Total, country of manufacture","Units","Unadjusted","Units","300","units","0","v42169911","1.1.1.1.1","151451","","","","0"
"2012-08","Canada","2016A000011124","Total, new motor vehicles","Total, country of manufacture","Units","Unadjusted","Units","300","units","0","v42169911","1.1.1.1.1","152577","","","","0"
"2012-09","Canada","2016A000011124","Total, new motor vehicles","Total, country of manufacture","Units","Unadjusted","Units","300","units","0","v42169911","1.1.1.1.1","146270","","","","0"
"2012-10","Canada","2016A000011124","Total, new motor vehicles","Total, country of manufacture","Units","Unadjusted","Units","300","units","0","v42169911","1.1.1.1.1","138892","","","","0"
"2012-11","Canada","2016A000011124","Total, new motor vehicles","Total, country of manufacture","Units","Unadjusted","Units","300","units","0","v42169911","1.1.1.1.1","128849","","","","0"
"2012-12","Canada","2016A000011124","Total, new motor vehicles","Total, country of manufacture","Units","Unadjusted","Units","300","units","0","v42169911","1.1.1.1.1","111881","","","","0"
"2013-01","Canada","2016A000011124","Total, new motor vehicles","Total, country of manufacture","Units","Unadjusted","Units","300","units","0","v42169911","1.1.1.1.1","97872","","","","0"
"2013-02","Canada","2016A000011124","Total, new motor vehicles","Total, country of manufacture","Units","Unadjusted","Units","300","units","0","v42169911","1.1.1.1.1","105811","","","","0"
"2013-03","Canada","2016A000011124","Total, new motor vehicles","Total, country of manufacture","Units","Unadjusted","Units","300","units","0","v42169911","1.1.1.1.1","159953","","","","0"
"2013-04","Canada","2016A000011124","Total, new motor vehicles","Total, country of manufacture","Units","Unadjusted","Units","300","units","0","v42169911","1.1.1.1.1","175181","","","","0"
"2013-05","Canada","2016A000011124","Total, new motor vehicles","Total, country of manufacture","Units","Unadjusted","Units","300","units","0","v42169911","1.1.1.1.1","189030","","","","0"
"2013-06","Canada","2016A000011124","Total, new motor vehicles","Total, country of manufacture","Units","Unadjusted","Units","300","units","0","v42169911","1.1.1.1.1","174439","","","","0"
"2013-07","Canada","2016A000011124","Total, new motor vehicles","Total, country of manufacture","Units","Unadjusted","Units","300","units","0","v42169911","1.1.1.1.1","161835","","","","0"
"2013-08","Canada","2016A000011124","Total, new motor vehicles","Total, country of manufacture","Units","Unadjusted","Units","300","units","0","v42169911","1.1.1.1.1","161371","","","","0"
"2013-09","Canada","2016A000011124","Total, new motor vehicles","Total, country of manufacture","Units","Unadjusted","Units","300","units","0","v42169911","1.1.1.1.1","151644","","","","0"
"2013-10","Canada","2016A000011124","Total, new motor vehicles","Total, country of manufacture","Units","Unadjusted","Units","300","units","0","v42169911","1.1.1.1.1","148181","","","","0"
"2013-11","Canada","2016A000011124","Total, new motor vehicles","Total, country of manufacture","Units","Unadjusted","Units","300","units","0","v42169911","1.1.1.1.1","135776","","","","0"
"2013-12","Canada","2016A000011124","Total, new motor vehicles","Total, country of manufacture","Units","Unadjusted","Units","300","units","0","v42169911","1.1.1.1.1","115368","","","","0"
"2014-01","Canada","2016A000011124","Total, new motor vehicles","Total, country of manufacture","Units","Unadjusted","Units","300","units","0","v42169911","1.1.1.1.1","97624","","","","0"
"2014-02","Canada","2016A000011124","Total, new motor vehicles","Total, country of manufacture","Units","Unadjusted","Units","300","units","0","v42169911","1.1.1.1.1","107501","","","","0"
"2014-03","Canada","2016A000011124","Total, new motor vehicles","Total, country of manufacture","Units","Unadjusted","Units","300","units","0","v42169911","1.1.1.1.1","160655","","","","0"
"2014-04","Canada","2016A000011124","Total, new motor vehicles","Total, country of manufacture","Units","Unadjusted","Units","300","units","0","v42169911","1.1.1.1.1","182239","","","","0"
"2014-05","Canada","2016A000011124","Total, new motor vehicles","Total, country of manufacture","Units","Unadjusted","Units","300","units","0","v42169911","1.1.1.1.1","199568","","","","0"
"2014-06","Canada","2016A000011124","Total, new motor vehicles","Total, country of manufacture","Units","Unadjusted","Units","300","units","0","v42169911","1.1.1.1.1","179556","","","","0"
"2014-07","Canada","2016A000011124","Total, new motor vehicles","Total, country of manufacture","Units","Unadjusted","Units","300","units","0","v42169911","1.1.1.1.1","180682","","","","0"
"2014-08","Canada","2016A000011124","Total, new motor vehicles","Total, country of manufacture","Units","Unadjusted","Units","300","units","0","v42169911","1.1.1.1.1","174757","","","","0"
"2014-09","Canada","2016A000011124","Total, new motor vehicles","Total, country of manufacture","Units","Unadjusted","Units","300","units","0","v42169911","1.1.1.1.1","172069","","","","0"
"2014-10","Canada","2016A000011124","Total, new motor vehicles","Total, country of manufacture","Units","Unadjusted","Units","300","units","0","v42169911","1.1.1.1.1","159144","","","","0"
"2014-11","Canada","2016A000011124","Total, new motor vehicles","Total, country of manufacture","Units","Unadjusted","Units","300","units","0","v42169911","1.1.1.1.1","141763","","","","0"
"2014-12","Canada","2016A000011124","Total, new motor vehicles","Total, country of manufacture","Units","Unadjusted","Units","300","units","0","v42169911","1.1.1.1.1","134829","","","","0"
"2015-01","Canada","2016A000011124","Total, new motor vehicles","Total, country of manufacture","Units","Unadjusted","Units","300","units","0","v42169911","1.1.1.1.1","101597","","","","0"
"2015-02","Canada","2016A000011124","Total, new motor vehicles","Total, country of manufacture","Units","Unadjusted","Units","300","units","0","v42169911","1.1.1.1.1","111933","","","","0"
"2015-03","Canada","2016A000011124","Total, new motor vehicles","Total, country of manufacture","Units","Unadjusted","Units","300","units","0","v42169911","1.1.1.1.1","164402","","","","0"
"2015-04","Canada","2016A000011124","Total, new motor vehicles","Total, country of manufacture","Units","Unadjusted","Units","300","units","0","v42169911","1.1.1.1.1","192647","","","","0"
"2015-05","Canada","2016A000011124","Total, new motor vehicles","Total, country of manufacture","Units","Unadjusted","Units","300","units","0","v42169911","1.1.1.1.1","201603","","","","0"
"2015-06","Canada","2016A000011124","Total, new motor vehicles","Total, country of manufacture","Units","Unadjusted","Units","300","units","0","v42169911","1.1.1.1.1","181780","","","","0"
"2015-07","Canada","2016A000011124","Total, new motor vehicles","Total, country of manufacture","Units","Unadjusted","Units","300","units","0","v42169911","1.1.1.1.1","181324","","","","0"
"2015-08","Canada","2016A000011124","Total, new motor vehicles","Total, country of manufacture","Units","Unadjusted","Units","300","units","0","v42169911","1.1.1.1.1","178591","","","","0"
"2015-09","Canada","2016A000011124","Total, new motor vehicles","Total, country of manufacture","Units","Unadjusted","Units","300","units","0","v42169911","1.1.1.1.1","178738","","","","0"
"2015-10","Canada","2016A000011124","Total, new motor vehicles","Total, country of manufacture","Units","Unadjusted","Units","300","units","0","v42169911","1.1.1.1.1","166521","","","","0"
"2015-11","Canada","2016A000011124","Total, new motor vehicles","Total, country of manufacture","Units","Unadjusted","Units","300","units","0","v42169911","1.1.1.1.1","148163","","","","0"
"2015-12","Canada","2016A000011124","Total, new motor vehicles","Total, country of manufacture","Units","Unadjusted","Units","300","units","0","v42169911","1.1.1.1.1","132218","","","","0"
"2016-01","Canada","2016A000011124","Total, new motor vehicles","Total, country of manufacture","Units","Unadjusted","Units","300","units","0","v42169911","1.1.1.1.1","110686","","","","0"
"2016-02","Canada","2016A000011124","Total, new motor vehicles","Total, country of manufacture","Units","Unadjusted","Units","300","units","0","v42169911","1.1.1.1.1","121933","","","","0"
"2016-03","Canada","2016A000011124","Total, new motor vehicles","Total, country of manufacture","Units","Unadjusted","Units","300","units","0","v42169911","1.1.1.1.1","178227","","","","0"
"2016-04","Canada","2016A000011124","Total, new motor vehicles","Total, country of manufacture","Units","Unadjusted","Units","300","units","0","v42169911","1.1.1.1.1","203557","","","","0"
"2016-05","Canada","2016A000011124","Total, new motor vehicles","Total, country of manufacture","Units","Unadjusted","Units","300","units","0","v42169911","1.1.1.1.1","198425","","","","0"
"2016-06","Canada","2016A000011124","Total, new motor vehicles","Total, country of manufacture","Units","Unadjusted","Units","300","units","0","v42169911","1.1.1.1.1","193818","","","","0"
"2016-07","Canada","2016A000011124","Total, new motor vehicles","Total, country of manufacture","Units","Unadjusted","Units","300","units","0","v42169911","1.1.1.1.1","175846","","","","0"
"2016-08","Canada","2016A000011124","Total, new motor vehicles","Total, country of manufacture","Units","Unadjusted","Units","300","units","0","v42169911","1.1.1.1.1","174976","","","","0"
"2016-09","Canada","2016A000011124","Total, new motor vehicles","Total, country of manufacture","Units","Unadjusted","Units","300","units","0","v42169911","1.1.1.1.1","177191","","","","0"
"2016-10","Canada","2016A000011124","Total, new motor vehicles","Total, country of manufacture","Units","Unadjusted","Units","300","units","0","v42169911","1.1.1.1.1","157414","","","","0"
"2016-11","Canada","2016A000011124","Total, new motor vehicles","Total, country of manufacture","Units","Unadjusted","Units","300","units","0","v42169911","1.1.1.1.1","163320","","","","0"
"2016-12","Canada","2016A000011124","Total, new motor vehicles","Total, country of manufacture","Units","Unadjusted","Units","300","units","0","v42169911","1.1.1.1.1","128352","","","","0"
"2017-01","Canada","2016A000011124","Total, new motor vehicles","Total, country of manufacture","Units","Unadjusted","Units","300","units","0","v42169911","1.1.1.1.1","112996","","","","0"
"2017-02","Canada","2016A000011124","Total, new motor vehicles","Total, country of manufacture","Units","Unadjusted","Units","300","units","0","v42169911","1.1.1.1.1","125284","","","","0"
"2017-03","Canada","2016A000011124","Total, new motor vehicles","Total, country of manufacture","Units","Unadjusted","Units","300","units","0","v42169911","1.1.1.1.1","190744","","","","0"
"2017-04","Canada","2016A000011124","Total, new motor vehicles","Total, country of manufacture","Units","Unadjusted","Units","300","units","0","v42169911","1.1.1.1.1","200291","","","","0"
"2017-05","Canada","2016A000011124","Total, new motor vehicles","Total, country of manufacture","Units","Unadjusted","Units","300","units","0","v42169911","1.1.1.1.1","220436","","","","0"
"2017-06","Canada","2016A000011124","Total, new motor vehicles","Total, country of manufacture","Units","Unadjusted","Units","300","units","0","v42169911","1.1.1.1.1","207008","","","","0"
"2017-07","Canada","2016A000011124","Total, new motor vehicles","Total, country of manufacture","Units","Unadjusted","Units","300","units","0","v42169911","1.1.1.1.1","184809","","","","0"
"2017-08","Canada","2016A000011124","Total, new motor vehicles","Total, country of manufacture","Units","Unadjusted","Units","300","units","0","v42169911","1.1.1.1.1","187208","","","","0"
"2017-09","Canada","2016A000011124","Total, new motor vehicles","Total, country of manufacture","Units","Unadjusted","Units","300","units","0","v42169911","1.1.1.1.1","190640","","","","0"
"2017-10","Canada","2016A000011124","Total, new motor vehicles","Total, country of manufacture","Units","Unadjusted","Units","300","units","0","v42169911","1.1.1.1.1","167892","","","","0"
"2017-11","Canada","2016A000011124","Total, new motor vehicles","Total, country of manufacture","Units","Unadjusted","Units","300","units","0","v42169911","1.1.1.1.1","161903","","","","0"
"2017-12","Canada","2016A000011124","Total, new motor vehicles","Total, country of manufacture","Units","Unadjusted","Units","300","units","0","v42169911","1.1.1.1.1","127734","","","","0"
"2018-01","Canada","2016A000011124","Total, new motor vehicles","Total, country of manufacture","Units","Unadjusted","Units","300","units","0","v42169911","1.1.1.1.1","120246","","","","0"
"2018-02","Canada","2016A000011124","Total, new motor vehicles","Total, country of manufacture","Units","Unadjusted","Units","300","units","0","v42169911","1.1.1.1.1","128399","","","","0"
"2018-03","Canada","2016A000011124","Total, new motor vehicles","Total, country of manufacture","Units","Unadjusted","Units","300","units","0","v42169911","1.1.1.1.1","190863","","","","0"
"2018-04","Canada","2016A000011124","Total, new motor vehicles","Total, country of manufacture","Units","Unadjusted","Units","300","units","0","v42169911","1.1.1.1.1","195838","","","","0"
"2018-05","Canada","2016A000011124","Total, new motor vehicles","Total, country of manufacture","Units","Unadjusted","Units","300","units","0","v42169911","1.1.1.1.1","220858","","","","0"
"2018-06","Canada","2016A000011124","Total, new motor vehicles","Total, country of manufacture","Units","Unadjusted","Units","300","units","0","v42169911","1.1.1.1.1","206988","","","","0"
"2018-07","Canada","2016A000011124","Total, new motor vehicles","Total, country of manufacture","Units","Unadjusted","Units","300","units","0","v42169911","1.1.1.1.1","179754","","","","0"
"2018-08","Canada","2016A000011124","Total, new motor vehicles","Total, country of manufacture","Units","Unadjusted","Units","300","units","0","v42169911","1.1.1.1.1","185349","","","","0"
"2018-09","Canada","2016A000011124","Total, new motor vehicles","Total, country of manufacture","Units","Unadjusted","Units","300","units","0","v42169911","1.1.1.1.1","181516","","","","0"
"2018-10","Canada","2016A000011124","Total, new motor vehicles","Total, country of manufacture","Units","Unadjusted","Units","300","units","0","v42169911","1.1.1.1.1","166566","","","","0"
"2018-11","Canada","2016A000011124","Total, new motor vehicles","Total, country of manufacture","Units","Unadjusted","Units","300","units","0","v42169911","1.1.1.1.1","150143","","","","0"
"2018-12","Canada","2016A000011124","Total, new motor vehicles","Total, country of manufacture","Units","Unadjusted","Units","300","units","0","v42169911","1.1.1.1.1","119201","","","","0"
"2019-01","Canada","2016A000011124","Total, new motor vehicles","Total, country of manufacture","Units","Unadjusted","Units","300","units","0","v42169911","1.1.1.1.1","112178","","","","0"
"2019-02","Canada","2016A000011124","Total, new motor vehicles","Total, country of manufacture","Units","Unadjusted","Units","300","units","0","v42169911","1.1.1.1.1","124493","","","","0"
"2019-03","Canada","2016A000011124","Total, new motor vehicles","Total, country of manufacture","Units","Unadjusted","Units","300","units","0","v42169911","1.1.1.1.1","187907","","","","0"
"2019-04","Canada","2016A000011124","Total, new motor vehicles","Total, country of manufacture","Units","Unadjusted","Units","300","units","0","v42169911","1.1.1.1.1","186487","","","","0"
"2019-05","Canada","2016A000011124","Total, new motor vehicles","Total, country of manufacture","Units","Unadjusted","Units","300","units","0","v42169911","1.1.1.1.1","208375","","","","0"
"2019-06","Canada","2016A000011124","Total, new motor vehicles","Total, country of manufacture","Units","Unadjusted","Units","300","units","0","v42169911","1.1.1.1.1","193885","","","","0"
"2019-07","Canada","2016A000011124","Total, new motor vehicles","Total, country of manufacture","Units","Unadjusted","Units","300","units","0","v42169911","1.1.1.1.1","178450","","","","0"
"2019-08","Canada","2016A000011124","Total, new motor vehicles","Total, country of manufacture","Units","Unadjusted","Units","300","units","0","v42169911","1.1.1.1.1","187961","","","","0"
"2019-09","Canada","2016A000011124","Total, new motor vehicles","Total, country of manufacture","Units","Unadjusted","Units","300","units","0","v42169911","1.1.1.1.1","173009","","","","0"
"2019-10","Canada","2016A000011124","Total, new motor vehicles","Total, country of manufacture","Units","Unadjusted","Units","300","units","0","v42169911","1.1.1.1.1","163718","","","","0"
"2019-11","Canada","2016A000011124","Total, new motor vehicles","Total, country of manufacture","Units","Unadjusted","Units","300","units","0","v42169911","1.1.1.1.1","147221","","","","0"
"2019-12","Canada","2016A000011124","Total, new motor vehicles","Total, country of manufacture","Units","Unadjusted","Units","300","units","0","v42169911","1.1.1.1.1","116466","","","","0"
"2020-01","Canada","2016A000011124","Total, new motor vehicles","Total, country of manufacture","Units","Unadjusted","Units","300","units","0","v42169911","1.1.1.1.1","113350","","","","0"
"2020-02","Canada","2016A000011124","Total, new motor vehicles","Total, country of manufacture","Units","Unadjusted","Units","300","units","0","v42169911","1.1.1.1.1","127529","","","","0"
"2020-03","Canada","2016A000011124","Total, new motor vehicles","Total, country of manufacture","Units","Unadjusted","Units","300","units","0","v42169911","1.1.1.1.1","98019","","","","0"
"2020-04","Canada","2016A000011124","Total, new motor vehicles","Total, country of manufacture","Units","Unadjusted","Units","300","units","0","v42169911","1.1.1.1.1","47508","","","","0"
"2020-05","Canada","2016A000011124","Total, new motor vehicles","Total, country of manufacture","Units","Unadjusted","Units","300","units","0","v42169911","1.1.1.1.1","116102","","","","0"
"2020-06","Canada","2016A000011124","Total, new motor vehicles","Total, country of manufacture","Units","Unadjusted","Units","300","units","0","v42169911","1.1.1.1.1","163864","","","","0"
"2020-07","Canada","2016A000011124","Total, new motor vehicles","Total, country of manufacture","Units","Unadjusted","Units","300","units","0","v42169911","1.1.1.1.1","167600","","","","0"
"2020-08","Canada","2016A000011124","Total, new motor vehicles","Total, country of manufacture","Units","Unadjusted","Units","300","units","0","v42169911","1.1.1.1.1","172647","","","","0"
"2020-09","Canada","2016A000011124","Total, new motor vehicles","Total, country of manufacture","Units","Unadjusted","Units","300","units","0","v42169911","1.1.1.1.1","178057","","","","0"
"2020-10","Canada","2016A000011124","Total, new motor vehicles","Total, country of manufacture","Units","Unadjusted","Units","300","units","0","v42169911","1.1.1.1.1","160024","","","","0"
"2020-11","Canada","2016A000011124","Total, new motor vehicles","Total, country of manufacture","Units","Unadjusted","Units","300","units","0","v42169911","1.1.1.1.1","133733","","","","0"
"2020-12","Canada","2016A000011124","Total, new motor vehicles","Total, country of manufacture","Units","Unadjusted","Units","300","units","0","v42169911","1.1.1.1.1","113686","","","","0"
"2021-01","Canada","2016A000011124","Total, new motor vehicles","Total, country of manufacture","Units","Unadjusted","Units","300","units","0","v42169911","1.1.1.1.1","81780","","","","0"
"2021-02","Canada","2016A000011124","Total, new motor vehicles","Total, country of manufacture","Units","Unadjusted","Units","300","units","0","v42169911","1.1.1.1.1","99751","","","","0"
"2021-03","Canada","2016A000011124","Total, new motor vehicles","Total, country of manufacture","Units","Unadjusted","Units","300","units","0","v42169911","1.1.1.1.1","159948","","","","0"
"2021-04","Canada","2016A000011124","Total, new motor vehicles","Total, country of manufacture","Units","Unadjusted","Units","300","units","0","v42169911","1.1.1.1.1","150755","","","","0"
"2021-05","Canada","2016A000011124","Total, new motor vehicles","Total, country of manufacture","Units","Unadjusted","Units","300","units","0","v42169911","1.1.1.1.1","144306","","","","0"
"2021-06","Canada","2016A000011124","Total, new motor vehicles","Total, country of manufacture","Units","Unadjusted","Units","300","units","0","v42169911","1.1.1.1.1","169849","","","","0"
"2021-07","Canada","2016A000011124","Total, new motor vehicles","Total, country of manufacture","Units","Unadjusted","Units","300","units","0","v42169911","1.1.1.1.1","156827","","","","0"
"2021-08","Canada","2016A000011124","Total, new motor vehicles","Total, country of manufacture","Units","Unadjusted","Units","300","units","0","v42169911","1.1.1.1.1","146059","","","","0"
"2021-09","Canada","2016A000011124","Total, new motor vehicles","Total, country of manufacture","Units","Unadjusted","Units","300","units","0","v42169911","1.1.1.1.1","145102","","","","0"
"2021-10","Canada","2016A000011124","Total, new motor vehicles","Total, country of manufacture","Units","Unadjusted","Units","300","units","0","v42169911","1.1.1.1.1","131215","","","","0"
"2021-11","Canada","2016A000011124","Total, new motor vehicles","Total, country of manufacture","Units","Unadjusted","Units","300","units","0","v42169911","1.1.1.1.1","117378","","","","0"
"2021-12","Canada","2016A000011124","Total, new motor vehicles","Total, country of manufacture","Units","Unadjusted","Units","300","units","0","v42169911","1.1.1.1.1","103694","","","","0"
"2022-01","Canada","2016A000011124","Total, new motor vehicles","Total, country of manufacture","Units","Unadjusted","Units","300","units","0","v42169911","1.1.1.1.1","94264","","","","0"
"2010-01","Canada","2016A000011124","Total, new motor vehicles","Total, country of manufacture","Dollars","Unadjusted","Dollars","81","thousands","3","v42169913","1.1.1.2.1","2834682","","","","0"
"2010-02","Canada","2016A000011124","Total, new motor vehicles","Total, country of manufacture","Dollars","Unadjusted","Dollars","81","thousands","3","v42169913","1.1.1.2.1","3307185","","","","0"
"2010-03","Canada","2016A000011124","Total, new motor vehicles","Total, country of manufacture","Dollars","Unadjusted","Dollars","81","thousands","3","v42169913","1.1.1.2.1","4817510","","","","0"
"2010-04","Canada","2016A000011124","Total, new motor vehicles","Total, country of manufacture","Dollars","Unadjusted","Dollars","81","thousands","3","v42169913","1.1.1.2.1","4974619","","","","0"
"2010-05","Canada","2016A000011124","Total, new motor vehicles","Total, country of manufacture","Dollars","Unadjusted","Dollars","81","thousands","3","v42169913","1.1.1.2.1","4990170","","","","0"
"2010-06","Canada","2016A000011124","Total, new motor vehicles","Total, country of manufacture","Dollars","Unadjusted","Dollars","81","thousands","3","v42169913","1.1.1.2.1","5090394","","","","0"
"2010-07","Canada","2016A000011124","Total, new motor vehicles","Total, country of manufacture","Dollars","Unadjusted","Dollars","81","thousands","3","v42169913","1.1.1.2.1","4853046","","","","0"
"2010-08","Canada","2016A000011124","Total, new motor vehicles","Total, country of manufacture","Dollars","Unadjusted","Dollars","81","thousands","3","v42169913","1.1.1.2.1","4521798","","","","0"
"2010-09","Canada","2016A000011124","Total, new motor vehicles","Total, country of manufacture","Dollars","Unadjusted","Dollars","81","thousands","3","v42169913","1.1.1.2.1","4549860","","","","0"
"2010-10","Canada","2016A000011124","Total, new motor vehicles","Total, country of manufacture","Dollars","Unadjusted","Dollars","81","thousands","3","v42169913","1.1.1.2.1","4216887","","","","0"
"2010-11","Canada","2016A000011124","Total, new motor vehicles","Total, country of manufacture","Dollars","Unadjusted","Dollars","81","thousands","3","v42169913","1.1.1.2.1","4054432","","","","0"
"2010-12","Canada","2016A000011124","Total, new motor vehicles","Total, country of manufacture","Dollars","Unadjusted","Dollars","81","thousands","3","v42169913","1.1.1.2.1","4105026","","","","0"
"2011-01","Canada","2016A000011124","Total, new motor vehicles","Total, country of manufacture","Dollars","Unadjusted","Dollars","81","thousands","3","v42169913","1.1.1.2.1","2965868","","","","0"
"2011-02","Canada","2016A000011124","Total, new motor vehicles","Total, country of manufacture","Dollars","Unadjusted","Dollars","81","thousands","3","v42169913","1.1.1.2.1","3359312","","","","0"
"2011-03","Canada","2016A000011124","Total, new motor vehicles","Total, country of manufacture","Dollars","Unadjusted","Dollars","81","thousands","3","v42169913","1.1.1.2.1","5159286","","","","0"
"2011-04","Canada","2016A000011124","Total, new motor vehicles","Total, country of manufacture","Dollars","Unadjusted","Dollars","81","thousands","3","v42169913","1.1.1.2.1","5325409","","","","0"
"2011-05","Canada","2016A000011124","Total, new motor vehicles","Total, country of manufacture","Dollars","Unadjusted","Dollars","81","thousands","3","v42169913","1.1.1.2.1","5051223","","","","0"
"2011-06","Canada","2016A000011124","Total, new motor vehicles","Total, country of manufacture","Dollars","Unadjusted","Dollars","81","thousands","3","v42169913","1.1.1.2.1","5541638","","","","0"
"2011-07","Canada","2016A000011124","Total, new motor vehicles","Total, country of manufacture","Dollars","Unadjusted","Dollars","81","thousands","3","v42169913","1.1.1.2.1","4693564","","","","0"
"2011-08","Canada","2016A000011124","Total, new motor vehicles","Total, country of manufacture","Dollars","Unadjusted","Dollars","81","thousands","3","v42169913","1.1.1.2.1","4780998","","","","0"
"2011-09","Canada","2016A000011124","Total, new motor vehicles","Total, country of manufacture","Dollars","Unadjusted","Dollars","81","thousands","3","v42169913","1.1.1.2.1","4669021","","","","0"
"2011-10","Canada","2016A000011124","Total, new motor vehicles","Total, country of manufacture","Dollars","Unadjusted","Dollars","81","thousands","3","v42169913","1.1.1.2.1","4437146","","","","0"
"2011-11","Canada","2016A000011124","Total, new motor vehicles","Total, country of manufacture","Dollars","Unadjusted","Dollars","81","thousands","3","v42169913","1.1.1.2.1","4167963","","","","0"
"2011-12","Canada","2016A000011124","Total, new motor vehicles","Total, country of manufacture","Dollars","Unadjusted","Dollars","81","thousands","3","v42169913","1.1.1.2.1","3974503","","","","0"
"2012-01","Canada","2016A000011124","Total, new motor vehicles","Total, country of manufacture","Dollars","Unadjusted","Dollars","81","thousands","3","v42169913","1.1.1.2.1","3348298","","","","0"
"2012-02","Canada","2016A000011124","Total, new motor vehicles","Total, country of manufacture","Dollars","Unadjusted","Dollars","81","thousands","3","v42169913","1.1.1.2.1","3679112","","","","0"
"2012-03","Canada","2016A000011124","Total, new motor vehicles","Total, country of manufacture","Dollars","Unadjusted","Dollars","81","thousands","3","v42169913","1.1.1.2.1","5396923","","","","0"
"2012-04","Canada","2016A000011124","Total, new motor vehicles","Total, country of manufacture","Dollars","Unadjusted","Dollars","81","thousands","3","v42169913","1.1.1.2.1","5271661","","","","0"
"2012-05","Canada","2016A000011124","Total, new motor vehicles","Total, country of manufacture","Dollars","Unadjusted","Dollars","81","thousands","3","v42169913","1.1.1.2.1","5909814","","","","0"
"2012-06","Canada","2016A000011124","Total, new motor vehicles","Total, country of manufacture","Dollars","Unadjusted","Dollars","81","thousands","3","v42169913","1.1.1.2.1","5693440","","","","0"
"2012-07","Canada","2016A000011124","Total, new motor vehicles","Total, country of manufacture","Dollars","Unadjusted","Dollars","81","thousands","3","v42169913","1.1.1.2.1","4972339","","","","0"
"2012-08","Canada","2016A000011124","Total, new motor vehicles","Total, country of manufacture","Dollars","Unadjusted","Dollars","81","thousands","3","v42169913","1.1.1.2.1","5008633","","","","0"
"2012-09","Canada","2016A000011124","Total, new motor vehicles","Total, country of manufacture","Dollars","Unadjusted","Dollars","81","thousands","3","v42169913","1.1.1.2.1","4828816","","","","0"
"2012-10","Canada","2016A000011124","Total, new motor vehicles","Total, country of manufacture","Dollars","Unadjusted","Dollars","81","thousands","3","v42169913","1.1.1.2.1","4638168","","","","0"
"2012-11","Canada","2016A000011124","Total, new motor vehicles","Total, country of manufacture","Dollars","Unadjusted","Dollars","81","thousands","3","v42169913","1.1.1.2.1","4331407","","","","0"
"2012-12","Canada","2016A000011124","Total, new motor vehicles","Total, country of manufacture","Dollars","Unadjusted","Dollars","81","thousands","3","v42169913","1.1.1.2.1","3866028","","","","0"
"2013-01","Canada","2016A000011124","Total, new motor vehicles","Total, country of manufacture","Dollars","Unadjusted","Dollars","81","thousands","3","v42169913","1.1.1.2.1","3417225","","","","0"
"2013-02","Canada","2016A000011124","Total, new motor vehicles","Total, country of manufacture","Dollars","Unadjusted","Dollars","81","thousands","3","v42169913","1.1.1.2.1","3642985","","","","0"
"2013-03","Canada","2016A000011124","Total, new motor vehicles","Total, country of manufacture","Dollars","Unadjusted","Dollars","81","thousands","3","v42169913","1.1.1.2.1","5446411","","","","0"
"2013-04","Canada","2016A000011124","Total, new motor vehicles","Total, country of manufacture","Dollars","Unadjusted","Dollars","81","thousands","3","v42169913","1.1.1.2.1","5991964","","","","0"
"2013-05","Canada","2016A000011124","Total, new motor vehicles","Total, country of manufacture","Dollars","Unadjusted","Dollars","81","thousands","3","v42169913","1.1.1.2.1","6354237","","","","0"
"2013-06","Canada","2016A000011124","Total, new motor vehicles","Total, country of manufacture","Dollars","Unadjusted","Dollars","81","thousands","3","v42169913","1.1.1.2.1","5905953","","","","0"
"2013-07","Canada","2016A000011124","Total, new motor vehicles","Total, country of manufacture","Dollars","Unadjusted","Dollars","81","thousands","3","v42169913","1.1.1.2.1","5439723","","","","0"
"2013-08","Canada","2016A000011124","Total, new motor vehicles","Total, country of manufacture","Dollars","Unadjusted","Dollars","81","thousands","3","v42169913","1.1.1.2.1","5419180","","","","0"
"2013-09","Canada","2016A000011124","Total, new motor vehicles","Total, country of manufacture","Dollars","Unadjusted","Dollars","81","thousands","3","v42169913","1.1.1.2.1","5212522","","","","0"
"2013-10","Canada","2016A000011124","Total, new motor vehicles","Total, country of manufacture","Dollars","Unadjusted","Dollars","81","thousands","3","v42169913","1.1.1.2.1","5175550","","","","0"
"2013-11","Canada","2016A000011124","Total, new motor vehicles","Total, country of manufacture","Dollars","Unadjusted","Dollars","81","thousands","3","v42169913","1.1.1.2.1","4718693","","","","0"
"2013-12","Canada","2016A000011124","Total, new motor vehicles","Total, country of manufacture","Dollars","Unadjusted","Dollars","81","thousands","3","v42169913","1.1.1.2.1","4166792","","","","0"
"2014-01","Canada","2016A000011124","Total, new motor vehicles","Total, country of manufacture","Dollars","Unadjusted","Dollars","81","thousands","3","v42169913","1.1.1.2.1","3461575","","","","0"
"2014-02","Canada","2016A000011124","Total, new motor vehicles","Total, country of manufacture","Dollars","Unadjusted","Dollars","81","thousands","3","v42169913","1.1.1.2.1","3779018","","","","0"
"2014-03","Canada","2016A000011124","Total, new motor vehicles","Total, country of manufacture","Dollars","Unadjusted","Dollars","81","thousands","3","v42169913","1.1.1.2.1","5682849","","","","0"
"2014-04","Canada","2016A000011124","Total, new motor vehicles","Total, country of manufacture","Dollars","Unadjusted","Dollars","81","thousands","3","v42169913","1.1.1.2.1","6278892","","","","0"
"2014-05","Canada","2016A000011124","Total, new motor vehicles","Total, country of manufacture","Dollars","Unadjusted","Dollars","81","thousands","3","v42169913","1.1.1.2.1","6884962","","","","0"
"2014-06","Canada","2016A000011124","Total, new motor vehicles","Total, country of manufacture","Dollars","Unadjusted","Dollars","81","thousands","3","v42169913","1.1.1.2.1","6266851","","","","0"
"2014-07","Canada","2016A000011124","Total, new motor vehicles","Total, country of manufacture","Dollars","Unadjusted","Dollars","81","thousands","3","v42169913","1.1.1.2.1","6277118","","","","0"
"2014-08","Canada","2016A000011124","Total, new motor vehicles","Total, country of manufacture","Dollars","Unadjusted","Dollars","81","thousands","3","v42169913","1.1.1.2.1","6021329","","","","0"
"2014-09","Canada","2016A000011124","Total, new motor vehicles","Total, country of manufacture","Dollars","Unadjusted","Dollars","81","thousands","3","v42169913","1.1.1.2.1","6094943","","","","0"
"2014-10","Canada","2016A000011124","Total, new motor vehicles","Total, country of manufacture","Dollars","Unadjusted","Dollars","81","thousands","3","v42169913","1.1.1.2.1","5681354","","","","0"
"2014-11","Canada","2016A000011124","Total, new motor vehicles","Total, country of manufacture","Dollars","Unadjusted","Dollars","81","thousands","3","v42169913","1.1.1.2.1","5074899","","","","0"
"2014-12","Canada","2016A000011124","Total, new motor vehicles","Total, country of manufacture","Dollars","Unadjusted","Dollars","81","thousands","3","v42169913","1.1.1.2.1","5009469","","","","0"
"2015-01","Canada","2016A000011124","Total, new motor vehicles","Total, country of manufacture","Dollars","Unadjusted","Dollars","81","thousands","3","v42169913","1.1.1.2.1","3729812","","","","0"
"2015-02","Canada","2016A000011124","Total, new motor vehicles","Total, country of manufacture","Dollars","Unadjusted","Dollars","81","thousands","3","v42169913","1.1.1.2.1","4118142","","","","0"
"2015-03","Canada","2016A000011124","Total, new motor vehicles","Total, country of manufacture","Dollars","Unadjusted","Dollars","81","thousands","3","v42169913","1.1.1.2.1","5967542","","","","0"
"2015-04","Canada","2016A000011124","Total, new motor vehicles","Total, country of manufacture","Dollars","Unadjusted","Dollars","81","thousands","3","v42169913","1.1.1.2.1","6910768","","","","0"
"2015-05","Canada","2016A000011124","Total, new motor vehicles","Total, country of manufacture","Dollars","Unadjusted","Dollars","81","thousands","3","v42169913","1.1.1.2.1","7189418","","","","0"
"2015-06","Canada","2016A000011124","Total, new motor vehicles","Total, country of manufacture","Dollars","Unadjusted","Dollars","81","thousands","3","v42169913","1.1.1.2.1","6667610","","","","0"
"2015-07","Canada","2016A000011124","Total, new motor vehicles","Total, country of manufacture","Dollars","Unadjusted","Dollars","81","thousands","3","v42169913","1.1.1.2.1","6512342","","","","0"
"2015-08","Canada","2016A000011124","Total, new motor vehicles","Total, country of manufacture","Dollars","Unadjusted","Dollars","81","thousands","3","v42169913","1.1.1.2.1","6409757","","","","0"
"2015-09","Canada","2016A000011124","Total, new motor vehicles","Total, country of manufacture","Dollars","Unadjusted","Dollars","81","thousands","3","v42169913","1.1.1.2.1","6570649","","","","0"
"2015-10","Canada","2016A000011124","Total, new motor vehicles","Total, country of manufacture","Dollars","Unadjusted","Dollars","81","thousands","3","v42169913","1.1.1.2.1","6084201","","","","0"
"2015-11","Canada","2016A000011124","Total, new motor vehicles","Total, country of manufacture","Dollars","Unadjusted","Dollars","81","thousands","3","v42169913","1.1.1.2.1","5478891","","","","0"
"2015-12","Canada","2016A000011124","Total, new motor vehicles","Total, country of manufacture","Dollars","Unadjusted","Dollars","81","thousands","3","v42169913","1.1.1.2.1","5126074","","","","0"
"2016-01","Canada","2016A000011124","Total, new motor vehicles","Total, country of manufacture","Dollars","Unadjusted","Dollars","81","thousands","3","v42169913","1.1.1.2.1","4295419","","","","0"
"2016-02","Canada","2016A000011124","Total, new motor vehicles","Total, country of manufacture","Dollars","Unadjusted","Dollars","81","thousands","3","v42169913","1.1.1.2.1","4728596","","","","0"
"2016-03","Canada","2016A000011124","Total, new motor vehicles","Total, country of manufacture","Dollars","Unadjusted","Dollars","81","thousands","3","v42169913","1.1.1.2.1","6745037","","","","0"
"2016-04","Canada","2016A000011124","Total, new motor vehicles","Total, country of manufacture","Dollars","Unadjusted","Dollars","81","thousands","3","v42169913","1.1.1.2.1","7570371","","","","0"
"2016-05","Canada","2016A000011124","Total, new motor vehicles","Total, country of manufacture","Dollars","Unadjusted","Dollars","81","thousands","3","v42169913","1.1.1.2.1","7379863","","","","0"
"2016-06","Canada","2016A000011124","Total, new motor vehicles","Total, country of manufacture","Dollars","Unadjusted","Dollars","81","thousands","3","v42169913","1.1.1.2.1","7258509","","","","0"
"2016-07","Canada","2016A000011124","Total, new motor vehicles","Total, country of manufacture","Dollars","Unadjusted","Dollars","81","thousands","3","v42169913","1.1.1.2.1","6654406","","","","0"
"2016-08","Canada","2016A000011124","Total, new motor vehicles","Total, country of manufacture","Dollars","Unadjusted","Dollars","81","thousands","3","v42169913","1.1.1.2.1","6691685","","","","0"
"2016-09","Canada","2016A000011124","Total, new motor vehicles","Total, country of manufacture","Dollars","Unadjusted","Dollars","81","thousands","3","v42169913","1.1.1.2.1","6942118","","","","0"
"2016-10","Canada","2016A000011124","Total, new motor vehicles","Total, country of manufacture","Dollars","Unadjusted","Dollars","81","thousands","3","v42169913","1.1.1.2.1","6121957","","","","0"
"2016-11","Canada","2016A000011124","Total, new motor vehicles","Total, country of manufacture","Dollars","Unadjusted","Dollars","81","thousands","3","v42169913","1.1.1.2.1","6467708","","","","0"
"2016-12","Canada","2016A000011124","Total, new motor vehicles","Total, country of manufacture","Dollars","Unadjusted","Dollars","81","thousands","3","v42169913","1.1.1.2.1","5268834","","","","0"
"2017-01","Canada","2016A000011124","Total, new motor vehicles","Total, country of manufacture","Dollars","Unadjusted","Dollars","81","thousands","3","v42169913","1.1.1.2.1","4538110","","","","0"
"2017-02","Canada","2016A000011124","Total, new motor vehicles","Total, country of manufacture","Dollars","Unadjusted","Dollars","81","thousands","3","v42169913","1.1.1.2.1","5022160","","","","0"
"2017-03","Canada","2016A000011124","Total, new motor vehicles","Total, country of manufacture","Dollars","Unadjusted","Dollars","81","thousands","3","v42169913","1.1.1.2.1","7537573","","","","0"
"2017-04","Canada","2016A000011124","Total, new motor vehicles","Total, country of manufacture","Dollars","Unadjusted","Dollars","81","thousands","3","v42169913","1.1.1.2.1","7925441","","","","0"
"2017-05","Canada","2016A000011124","Total, new motor vehicles","Total, country of manufacture","Dollars","Unadjusted","Dollars","81","thousands","3","v42169913","1.1.1.2.1","8590484","","","","0"
"2017-06","Canada","2016A000011124","Total, new motor vehicles","Total, country of manufacture","Dollars","Unadjusted","Dollars","81","thousands","3","v42169913","1.1.1.2.1","8299645","","","","0"
"2017-07","Canada","2016A000011124","Total, new motor vehicles","Total, country of manufacture","Dollars","Unadjusted","Dollars","81","thousands","3","v42169913","1.1.1.2.1","7295374","","","","0"
"2017-08","Canada","2016A000011124","Total, new motor vehicles","Total, country of manufacture","Dollars","Unadjusted","Dollars","81","thousands","3","v42169913","1.1.1.2.1","7488038","","","","0"
"2017-09","Canada","2016A000011124","Total, new motor vehicles","Total, country of manufacture","Dollars","Unadjusted","Dollars","81","thousands","3","v42169913","1.1.1.2.1","7694331","","","","0"
"2017-10","Canada","2016A000011124","Total, new motor vehicles","Total, country of manufacture","Dollars","Unadjusted","Dollars","81","thousands","3","v42169913","1.1.1.2.1","6915797","","","","0"
"2017-11","Canada","2016A000011124","Total, new motor vehicles","Total, country of manufacture","Dollars","Unadjusted","Dollars","81","thousands","3","v42169913","1.1.1.2.1","6764403","","","","0"
"2017-12","Canada","2016A000011124","Total, new motor vehicles","Total, country of manufacture","Dollars","Unadjusted","Dollars","81","thousands","3","v42169913","1.1.1.2.1","5530452","","","","0"
"2018-01","Canada","2016A000011124","Total, new motor vehicles","Total, country of manufacture","Dollars","Unadjusted","Dollars","81","thousands","3","v42169913","1.1.1.2.1","5006244","","","","0"
"2018-02","Canada","2016A000011124","Total, new motor vehicles","Total, country of manufacture","Dollars","Unadjusted","Dollars","81","thousands","3","v42169913","1.1.1.2.1","5354688","","","","0"
"2018-03","Canada","2016A000011124","Total, new motor vehicles","Total, country of manufacture","Dollars","Unadjusted","Dollars","81","thousands","3","v42169913","1.1.1.2.1","8040083","","","","0"
"2018-04","Canada","2016A000011124","Total, new motor vehicles","Total, country of manufacture","Dollars","Unadjusted","Dollars","81","thousands","3","v42169913","1.1.1.2.1","8249951","","","","0"
"2018-05","Canada","2016A000011124","Total, new motor vehicles","Total, country of manufacture","Dollars","Unadjusted","Dollars","81","thousands","3","v42169913","1.1.1.2.1","9281703","","","","0"
"2018-06","Canada","2016A000011124","Total, new motor vehicles","Total, country of manufacture","Dollars","Unadjusted","Dollars","81","thousands","3","v42169913","1.1.1.2.1","8634033","","","","0"
"2018-07","Canada","2016A000011124","Total, new motor vehicles","Total, country of manufacture","Dollars","Unadjusted","Dollars","81","thousands","3","v42169913","1.1.1.2.1","7365887","","","","0"
"2018-08","Canada","2016A000011124","Total, new motor vehicles","Total, country of manufacture","Dollars","Unadjusted","Dollars","81","thousands","3","v42169913","1.1.1.2.1","7394498","","","","0"
"2018-09","Canada","2016A000011124","Total, new motor vehicles","Total, country of manufacture","Dollars","Unadjusted","Dollars","81","thousands","3","v42169913","1.1.1.2.1","7628266","","","","0"
"2018-10","Canada","2016A000011124","Total, new motor vehicles","Total, country of manufacture","Dollars","Unadjusted","Dollars","81","thousands","3","v42169913","1.1.1.2.1","7097044","","","","0"
"2018-11","Canada","2016A000011124","Total, new motor vehicles","Total, country of manufacture","Dollars","Unadjusted","Dollars","81","thousands","3","v42169913","1.1.1.2.1","6766437","","","","0"
"2018-12","Canada","2016A000011124","Total, new motor vehicles","Total, country of manufacture","Dollars","Unadjusted","Dollars","81","thousands","3","v42169913","1.1.1.2.1","5400236","","","","0"
"2019-01","Canada","2016A000011124","Total, new motor vehicles","Total, country of manufacture","Dollars","Unadjusted","Dollars","81","thousands","3","v42169913","1.1.1.2.1","4856206","","","","0"
"2019-02","Canada","2016A000011124","Total, new motor vehicles","Total, country of manufacture","Dollars","Unadjusted","Dollars","81","thousands","3","v42169913","1.1.1.2.1","5360981","","","","0"
"2019-03","Canada","2016A000011124","Total, new motor vehicles","Total, country of manufacture","Dollars","Unadjusted","Dollars","81","thousands","3","v42169913","1.1.1.2.1","8172306","","","","0"
"2019-04","Canada","2016A000011124","Total, new motor vehicles","Total, country of manufacture","Dollars","Unadjusted","Dollars","81","thousands","3","v42169913","1.1.1.2.1","8126000","","","","0"
"2019-05","Canada","2016A000011124","Total, new motor vehicles","Total, country of manufacture","Dollars","Unadjusted","Dollars","81","thousands","3","v42169913","1.1.1.2.1","8938556","","","","0"
"2019-06","Canada","2016A000011124","Total, new motor vehicles","Total, country of manufacture","Dollars","Unadjusted","Dollars","81","thousands","3","v42169913","1.1.1.2.1","8400102","","","","0"
"2019-07","Canada","2016A000011124","Total, new motor vehicles","Total, country of manufacture","Dollars","Unadjusted","Dollars","81","thousands","3","v42169913","1.1.1.2.1","7590172","","","","0"
"2019-08","Canada","2016A000011124","Total, new motor vehicles","Total, country of manufacture","Dollars","Unadjusted","Dollars","81","thousands","3","v42169913","1.1.1.2.1","8066498","","","","0"
"2019-09","Canada","2016A000011124","Total, new motor vehicles","Total, country of manufacture","Dollars","Unadjusted","Dollars","81","thousands","3","v42169913","1.1.1.2.1","7673545","","","","0"
"2019-10","Canada","2016A000011124","Total, new motor vehicles","Total, country of manufacture","Dollars","Unadjusted","Dollars","81","thousands","3","v42169913","1.1.1.2.1","7116489","","","","0"
"2019-11","Canada","2016A000011124","Total, new motor vehicles","Total, country of manufacture","Dollars","Unadjusted","Dollars","81","thousands","3","v42169913","1.1.1.2.1","6522466","","","","0"
"2019-12","Canada","2016A000011124","Total, new motor vehicles","Total, country of manufacture","Dollars","Unadjusted","Dollars","81","thousands","3","v42169913","1.1.1.2.1","5446466","","","","0"
"2020-01","Canada","2016A000011124","Total, new motor vehicles","Total, country of manufacture","Dollars","Unadjusted","Dollars","81","thousands","3","v42169913","1.1.1.2.1","5064648","","","","0"
"2020-02","Canada","2016A000011124","Total, new motor vehicles","Total, country of manufacture","Dollars","Unadjusted","Dollars","81","thousands","3","v42169913","1.1.1.2.1","5683474","","","","0"
"2020-03","Canada","2016A000011124","Total, new motor vehicles","Total, country of manufacture","Dollars","Unadjusted","Dollars","81","thousands","3","v42169913","1.1.1.2.1","4574108","","","","0"
"2020-04","Canada","2016A000011124","Total, new motor vehicles","Total, country of manufacture","Dollars","Unadjusted","Dollars","81","thousands","3","v42169913","1.1.1.2.1","2305372","","","","0"
"2020-05","Canada","2016A000011124","Total, new motor vehicles","Total, country of manufacture","Dollars","Unadjusted","Dollars","81","thousands","3","v42169913","1.1.1.2.1","5194076","","","","0"
"2020-06","Canada","2016A000011124","Total, new motor vehicles","Total, country of manufacture","Dollars","Unadjusted","Dollars","81","thousands","3","v42169913","1.1.1.2.1","7362400","","","","0"
"2020-07","Canada","2016A000011124","Total, new motor vehicles","Total, country of manufacture","Dollars","Unadjusted","Dollars","81","thousands","3","v42169913","1.1.1.2.1","7419854","","","","0"
"2020-08","Canada","2016A000011124","Total, new motor vehicles","Total, country of manufacture","Dollars","Unadjusted","Dollars","81","thousands","3","v42169913","1.1.1.2.1","7610737","","","","0"
"2020-09","Canada","2016A000011124","Total, new motor vehicles","Total, country of manufacture","Dollars","Unadjusted","Dollars","81","thousands","3","v42169913","1.1.1.2.1","7923905","","","","0"
"2020-10","Canada","2016A000011124","Total, new motor vehicles","Total, country of manufacture","Dollars","Unadjusted","Dollars","81","thousands","3","v42169913","1.1.1.2.1","7117901","","","","0"
"2020-11","Canada","2016A000011124","Total, new motor vehicles","Total, country of manufacture","Dollars","Unadjusted","Dollars","81","thousands","3","v42169913","1.1.1.2.1","6152460","","","","0"
"2020-12","Canada","2016A000011124","Total, new motor vehicles","Total, country of manufacture","Dollars","Unadjusted","Dollars","81","thousands","3","v42169913","1.1.1.2.1","5486010","","","","0"
"2021-01","Canada","2016A000011124","Total, new motor vehicles","Total, country of manufacture","Dollars","Unadjusted","Dollars","81","thousands","3","v42169913","1.1.1.2.1","3844200","","","","0"
"2021-02","Canada","2016A000011124","Total, new motor vehicles","Total, country of manufacture","Dollars","Unadjusted","Dollars","81","thousands","3","v42169913","1.1.1.2.1","4838617","","","","0"
"2021-03","Canada","2016A000011124","Total, new motor vehicles","Total, country of manufacture","Dollars","Unadjusted","Dollars","81","thousands","3","v42169913","1.1.1.2.1","7595250","","","","0"
"2021-04","Canada","2016A000011124","Total, new motor vehicles","Total, country of manufacture","Dollars","Unadjusted","Dollars","81","thousands","3","v42169913","1.1.1.2.1","7153964","","","","0"
"2021-05","Canada","2016A000011124","Total, new motor vehicles","Total, country of manufacture","Dollars","Unadjusted","Dollars","81","thousands","3","v42169913","1.1.1.2.1","6605703","","","","0"
"2021-06","Canada","2016A000011124","Total, new motor vehicles","Total, country of manufacture","Dollars","Unadjusted","Dollars","81","thousands","3","v42169913","1.1.1.2.1","7926469","","","","0"
"2021-07","Canada","2016A000011124","Total, new motor vehicles","Total, country of manufacture","Dollars","Unadjusted","Dollars","81","thousands","3","v42169913","1.1.1.2.1","7268011","","","","0"
"2021-08","Canada","2016A000011124","Total, new motor vehicles","Total, country of manufacture","Dollars","Unadjusted","Dollars","81","thousands","3","v42169913","1.1.1.2.1","6814690","","","","0"
"2021-09","Canada","2016A000011124","Total, new motor vehicles","Total, country of manufacture","Dollars","Unadjusted","Dollars","81","thousands","3","v42169913","1.1.1.2.1","6716121","","","","0"
"2021-10","Canada","2016A000011124","Total, new motor vehicles","Total, country of manufacture","Dollars","Unadjusted","Dollars","81","thousands","3","v42169913","1.1.1.2.1","6295342","","","","0"
"2021-11","Canada","2016A000011124","Total, new motor vehicles","Total, country of manufacture","Dollars","Unadjusted","Dollars","81","thousands","3","v42169913","1.1.1.2.1","6085260","","","","0"
"2021-12","Canada","2016A000011124","Total, new motor vehicles","Total, country of manufacture","Dollars","Unadjusted","Dollars","81","thousands","3","v42169913","1.1.1.2.1","5647942","","","","0"
"2022-01","Canada","2016A000011124","Total, new motor vehicles","Total, country of manufacture","Dollars","Unadjusted","Dollars","81","thousands","3","v42169913","1.1.1.2.1","4568398","","","","0"


